
@INPROCEEDINGS{315590,
  author={Banatre, J.P. and Lavenier, D. and Vieillot, M.},
  booktitle={Proceedings of IEEE Workshop on FPGA's for Custom Computing Machines}, 
  title={From high level programming model to FPGA machines}, 
  year={1994},
  volume={},
  number={},
  pages={119-124},
  doi={10.1109/FPGA.1994.315590}}


@ARTICLE{WinzerNeilsonChraplyvy2018,
AUTHOR={Peter J. Winzer and David T. Neilson and Andrew R. Chraplyvy},
TITLE={Fiber-optic transmission and networking: the previous 20 and the next 20 years [Invited]},
JOURNAL={Optics Express},
VOLUME={26},
NUMBER={18},
PAGES={24190-24239},
MONTH={September},
YEAR={2018}
}

@ARTICLE{AndreHabelLouchetRichter2013,
AUTHOR={Nuno Sequeira Andr\'{e} and Kai Habel and Hadrien Louchet and Andr\'{e} Richter},
TITLE={Equalization Techniques for High-Speed OFDM-Baed Access Systems Using Direct Modulation and Direct Detection},
JOURNAL={IEEE International Conference on Transparent Optical Networks (ICTON)},
VOLUME={26},
NUMBER={18},
PAGES={1099-1115},
MONTH={September},
YEAR={2013}
}

@BOOK{RaymondSteele1992,
AUTHOR={Raymond Steele},
TITLE={Mobile Radio Communications},
PUBLISHER={Pentech Press (London) IEEE Press (New York)},
ADDRESS={IEEE Press, 445 Hoes Lane, Piscataway, NJ, 08855},
YEAR={1992}
}

@BOOK{JackKurzweil2000,
AUTHOR={Jack Kurzweil},
TITLE={An Introduction to Digital Communications},
PUBLISHER={John Wiley \& Sons, Inc.},
ADDRESS={605 Third Avenue, New York, NY 10158-0012, U.S.A.},
YEAR={2000}
}

@BOOK{FeherWirelessDigComms1995,
AUTHOR={Kamilo Feher},
TITLE={Wireless Digital Communications: Modulation and Spread Spectrum Applications},
PUBLISHER={Prentice-Hall PTR},
ADDRESS={One Lake Street, Upper Saddle River, New Jersey, 07458, U.S.A.},
YEAR={1995}
}

@BOOK{Senior2009,
AUTHOR={John M. Senior},
TITLE={Optical Fiber Communications Principles and Practice (Third Edition)},
PUBLISHER={Pearson Education Limited, Pearson Prentice Hall},
ADDRESS={Edinburgh Gate, Harlow, Essex CM20 2JE, England},
YEAR={2009}
}

@BOOK{BahaiSaltzbergErgen2004,
AUTHOR={Ahmad R. S. Bahai and Burton R. Saltzberg and Mustafa Ergen},
TITLE={Multi-Carrier Digital Communications Theory and Applications of OFDM (Second Edition)},
PUBLISHER={Springer Science + Business Media, Inc.},
ADDRESS={233 Spring Street, New York, NY 10013, USA},
YEAR={2004}
}

@BOOK{ErwinKreyszig1989,
AUTHOR={Erwin Kreyszig},
TITLE={Introductory Functional Analysis with Applications},
PUBLISHER={John Wiley \& Sons. Inc.},
ADDRESS={Hoboken, New Jersey, USA},
YEAR={1989}
}

@BOOK{UpamanyuMadhow2008,
AUTHOR={Upamanyu Madhow},
TITLE={Fundamentals of Digital Communications},
PUBLISHER={Cambridge University Press},
ADDRESS={The Edinburgh Building, Cambridge CB2 8RU, UK},
YEAR={2008}
}

@BOOK{MischaSchwartz2005,
AUTHOR={Mischa Schwartz},
TITLE={Mobile Wireless Communications},
PUBLISHER={Cambridge University Press},
ADDRESS={The Edinburgh Building, Cambridge CB2 2RU, UK},
YEAR={2005}
}

@BOOK{RobertGGallager2008,
AUTHOR={Robert G. Gallager},
TITLE={Principles of Digital Communications},
PUBLISHER={Cambridge University Press},
ADDRESS={The Edinburgh Building, Cambridge CB2 8RU, UK},
YEAR={2008}
}

@BOOK{LeonCouch2007,
AUTHOR={Leon W. Couch},
TITLE={Digital and Analog Communication Systems Seventh Edition},
PUBLISHER={Pearson Prentice Hall},
ADDRESS={Upper Saddle River, New Jersey 07458, USA.},
YEAR={2007}
}

